@article{quan2010wi,
  title={{Wi-Fi Localization Using RSSI Fingerprinting}},
  author={Quan, Michael and Navarro, Eduardo and Peuker, Benjamin},
  year={2010}
}

@inproceedings{bahl2000radar,
  title={{RADAR: An in-building RF-based user location and tracking system}},
  author={Bahl, Paramvir and Padmanabhan, Venkata N},
  booktitle={INFOCOM 2000. Nineteenth Annual Joint Conference of the IEEE Computer and Communications Societies. Proceedings. IEEE},
  volume={2},
  pages={775--784},
  year={2000},
  organization={Ieee}
}

@techreport{bahl2000enhancements,
  title={{Enhancements to the RADAR user location and tracking system}},
  author={Bahl, Paramvir and Padmanabhan, Venkata N and Balachandran, Anand},
  year={2000},
  institution={technical report, Microsoft Research}
}

@inproceedings{ito2005bayesian,
  title={{Bayesian based location estimation system using wireless LAN}},
  author={Ito, Seigo and Kawaguchi, Nobuo},
  booktitle={Pervasive Computing and Communications Workshops, 2005. PerCom 2005 Workshops. Third IEEE International Conference on},
  pages={273--278},
  year={2005},
  organization={IEEE}
}

@inproceedings{seshadri2005bayesian,
  title={A bayesian sampling approach to in-door localization of wireless devices using received signal strength indication},
  author={Seshadri, Vinay and Zaruba, Gergely V and Huber, Manfred},
  booktitle={Pervasive Computing and Communications, 2005. PerCom 2005. Third IEEE International Conference on},
  pages={75--84},
  year={2005},
  organization={IEEE}
}

@article{liu2007survey,
  title={{Survey of wireless indoor positioning techniques and systems}},
  author={Liu, Hui and Darabi, Houshang and Banerjee, Pat and Liu, Jing},
  journal={Systems, Man, and Cybernetics, Part C: Applications and Reviews, IEEE Transactions on},
  volume={37},
  number={6},
  pages={1067--1080},
  year={2007},
  publisher={IEEE}
}

@incollection{kawaguchi2009wifi,
  title={{WiFi location information system for both indoors and outdoors}},
  author={Kawaguchi, Nobuo},
  booktitle={Distributed Computing, Artificial Intelligence, Bioinformatics, Soft Computing, and Ambient Assisted Living},
  pages={638--645},
  year={2009},
  publisher={Springer}
}

@inproceedings{hotta2012robust,
  title={{A robust room-level localization method based on transition probability for indoor environments}},
  author={Hotta, S and Hada, Y and Yaginuma, Y},
  booktitle={Indoor Positioning and Indoor Navigation (IPIN), 2012 International Conference on},
  pages={1--8},
  year={2012},
  organization={IEEE}
}

@inproceedings{nagaosa2012dept,
  title={{Performance evaluation of a Wireless LAN positioning system using spot information}},
  author={Nagaosa, Tomotaka and Iguchi, Hironori},
  booktitle={ITS Telecommunications (ITST), 2012 12th International Conference on},
  pages={512--516},
  year={2012},
  organization={IEEE}
}

@article{bajaj2002gps,
  title={{GPS: location-tracking technology}},
  author={Bajaj, Rashmi and Ranaweera, Samantha Lalinda and Agrawal, Dharma P},
  journal={Computer},
  volume={35},
  number={4},
  pages={92--94},
  year={2002},
  publisher={IEEE}
}

@inproceedings{toplan2012rfid,
  title={{RFID based indoor location determination for elderly tracking}},
  author={Toplan, Edip and Ersoy, Cem},
  booktitle={Signal Processing and Communications Applications Conference (SIU), 2012 20th},
  pages={1--4},
  year={2012},
  organization={IEEE}
}

@article{shukla2013effects,
  title={{Effects of consumer psychographics and store characteristics in influencing shopping value and store switching}},
  author={Shukla, Paurav and Babin, Barry J},
  journal={Journal of Consumer Behaviour},
  volume={12},
  number={3},
  pages={194--203},
  year={2013},
  publisher={Wiley Online Library}
}

@inproceedings{turner2011empirical,
  title={{On the empirical performance of self-calibrating wifi location systems}},
  author={Turner, Daniel and Savage, Stefan and Snoeren, Alex C},
  booktitle={Local Computer Networks (LCN), 2011 IEEE 36th Conference on},
  pages={76--84},
  year={2011},
  organization={IEEE}
}

@inproceedings{xiong2013arraytrack,
  title={{ArrayTrack: A Fine-Grained Indoor Location System.}},
  author={Xiong, Jie and Jamieson, Kyle},
  booktitle={NSDI},
  pages={71--84},
  year={2013}
}

@inproceedings{xiong2012towards,
  title={{Towards fine-grained radio-based indoor location}},
  author={Xiong, Jie and Jamieson, Kyle},
  booktitle={Proceedings of the Twelfth Workshop on Mobile Computing Systems \& Applications},
  pages={13},
  year={2012},
  organization={ACM}
}

@phdthesis{priyantha2005cricket,
  title={{The cricket indoor location system}},
  author={Priyantha, Nissanka Bodhi},
  year={2005},
  school={Massachusetts Institute of Technology}
}

@inproceedings{chung2011indoor,
  title={{Indoor location sensing using geo-magnetism}},
  author={Chung, Jaewoo and Donahoe, Matt and Schmandt, Chris and Kim, Ig-Jae and Razavai, Pedram and Wiseman, Micaela},
  booktitle={Proceedings of the 9th international conference on Mobile systems, applications, and services},
  pages={141--154},
  year={2011},
  organization={ACM}
}

@inproceedings{xu2003impact,
  title={{Impact of data compression on energy consumption of wireless-networked handheld devices}},
  author={Xu, Rong and Li, Zhiyuan and Wang, Cheng and Ni, Peifeng},
  booktitle={Distributed Computing Systems, 2003. Proceedings. 23rd International Conference on},
  pages={302--311},
  year={2003},
  organization={IEEE}
}

@inproceedings{dutta2005system,
  title={{System software techniques for low-power operation in wireless sensor networks}},
  author={Dutta, Prabal K and Culler, David E},
  booktitle={Proceedings of the 2005 IEEE/ACM International conference on Computer-aided design},
  pages={925--932},
  year={2005},
  organization={IEEE Computer Society}
}

@misc{ieee802.11,
  key = {{IEEE}},
  title = {{IEEE 802.1: Wireless LANs}},
  howpublished = {\url{http://standards.ieee.org/about/get/802/802.11.html}},
}

@misc{json,
  key = {{JSON}},
  title = {{JSON}},
  howpublished = {\url{http://json.org/}},
}

@misc{celery,
  key = {{Celery}},
  title = {{Celery: Distributed Task Queue}},
  howpublished = {\url{http://www.celeryproject.org/}},
}

@misc{django,
  key = {{Django}},
  title = {{Django: The web framework for perfectionists with deadlines.}},
  howpublished = {\url{http://www.djangoproject.com/}},
}

@misc{webfaction,
  key = {{Webfaction}},
  title = {{Webfaction: Hosting for developers}},
  howpublished = {\url{http://www.webfaction.com/}},
}

@misc{redis,
  key = {{Redis}},
  title = {{Redis key-value cache}},
  howpublished = {\url{http://redis.io/}},
}

@misc{bootstrap,
  key = {{Bootstrap}},
  title = {{Bootstrap HTML, CSS, and JS framework}},
  howpublished = {\url{http://getbootstrap.com/}},
}

@misc{postgresql,
  key = {{PostgreSQL}},
  title = {{PostgreSQL: The world's most advanced open source database.}},
  howpublished = {\url{http://www.postgresql.org/}},
}

@article{fielding2002principled,
  title={Principled design of the modern Web architecture},
  author={Fielding, Roy T and Taylor, Richard N},
  journal={ACM Transactions on Internet Technology (TOIT)},
  volume={2},
  number={2},
  pages={115--150},
  year={2002},
  publisher={ACM}
}

@inproceedings{blumrosen2010continuous,
  title={Continuous close-proximity RSSI-based tracking in wireless sensor networks},
  author={Blumrosen, Gaddi and Hod, Bracha and Anker, Tal and Dolev, Danny and Rubinsky, Boris},
  booktitle={Body Sensor Networks (BSN), 2010 International Conference on},
  pages={234--239},
  year={2010},
  organization={IEEE}
}